% ------------------------------------------------------------------------
% SAMPLE BIBLIOGRAPHY FILE
% ------------------------------------------------------------------------
@incollection{carlsson2018measuring,
  title={Measuring a LoRa network: Performance, possibilities and limitations},
  author={Carlsson, Anders and Kuzminykh, Ievgeniia and Franksson, Robin and Liljegren, Alexander},
  booktitle={Internet of Things, Smart Spaces, and Next Generation Networks and Systems},
  pages={116--128},
  year={2018},
  publisher={Springer}
}

@inproceedings{kousias2019empirical,
  title={Empirical analysis of lorawan adaptive data rate for mobile internet of things applications},
  author={Kousias, Konstantinos and Caso, Giuseppe and Alay, {\"O}zg{\"u} and Lemic, Filip},
  booktitle={Proceedings of the 2019 on Wireless of the Students, by the Students, and for the Students Workshop},
  pages={9--11},
  year={2019}
}

@inproceedings{benkahla2019enhanced,
  title={Enhanced ADR for LoRaWAN networks with mobility},
  author={Benkahla, Norhane and Tounsi, Hajer and Ye-Qiong, SONG and Frikha, Mounir},
  booktitle={2019 15th International Wireless Communications \& Mobile Computing Conference (IWCMC)},
  pages={1--6},
  year={2019},
  organization={IEEE}
}

@inproceedings{fargas2017gps,
  title={GPS-free geolocation using LoRa in low-power WANs},
  author={Fargas, Bernat Carbon{\'e}s and Petersen, Martin Nordal},
  booktitle={2017 global internet of things summit (Giots)},
  pages={1--6},
  year={2017},
  organization={IEEE}
}

@article{mohamed2022enhancing,
  title={Enhancing Cyber Security of LoRaWAN Gateways under Adversarial Attacks},
  author={Mohamed, Ali and Wang, Franz and Butun, Ismail and Qadir, Junaid and Lagerstr{\"o}m, Robert and Gastaldo, Paolo and Caviglia, Daniele D},
  journal={Sensors},
  volume={22},
  number={9},
  pages={3498},
  year={2022},
  publisher={MDPI}
}

@article{akhbarilora,
  title={LoRa Applications and Validations in Complex Urban Environment},
  author={Akhbari, Afsaneh and Allegretti, Marco and Matekovits, Ladislau}
}

@misc{TTN,
  title = {The things network LoRaWan learn web site},
  howpublished = {\url{https://www.thethingsnetwork.org/docs/lorawan/}}
}


@misc{LoRaAlliance,
  title = {LoRa alliance web site},
  howpublished = {\url{https://lora-alliance.org/about-lorawan/}}
}

@misc{LoRaInfo,
  title = {LoRa alliance web site},
  howpublished = {\url{https://lora.readthedocs.io/en/latest/}}
}
@article{elola2018life+,
  title={LIFE+ RESPIRA: reducci{\'o}n de la exposici{\'o}n de ciclistas a contaminantes urbanos},
  author={Elola, Carolina Santamar{\'\i}a and Ulecia, Jes{\'u}s Miguel Santamar{\'\i}a},
  journal={Bolet{\'\i}n del Grupo Espa{\~n}ol del Carb{\'o}n},
  number={48},
  pages={40--44},
  year={2018},
  publisher={Grupo Espa{\~n}ol del Carb{\'o}n}
}


% ------------------------------------------------------------------------
